@article{chalupka2018fast,
  title={Fast conditional independence test for vector variables with large sample sizes},
  author={Chalupka, Krzysztof and Perona, Pietro and Eberhardt, Frederick},
  journal={arXiv preprint arXiv:1804.02747},
  year={2018}
}

@article{zhang2020testing,
  title={Testing differential privacy with dual interpreters},
  author={Zhang, Hengchu and Roth, Edo and Haeberlen, Andreas and Pierce, Benjamin C and Roth, Aaron},
  journal={Proceedings of the ACM on Programming Languages},
  volume={4},
  number={OOPSLA},
  pages={1--26},
  year={2020},
  publisher={ACM New York, NY, USA}
}

@inproceedings{ding2018detecting,
  title={Detecting violations of differential privacy},
  author={Ding, Zeyu and Wang, Yuxin and Wang, Guanhong and Zhang, Danfeng and Kifer, Daniel},
  booktitle={Proceedings of the 2018 ACM SIGSAC Conference on Computer and Communications Security},
  pages={475--489},
  year={2018}
}

@article{li2023lilac,
  title={Lilac: a Modal Separation Logic for Conditional Probability},
  author={Li, John M and Ahmed, Amal and Holtzen, Steven},
  journal={Proceedings of the ACM on Programming Languages},
  volume={7},
  number={PLDI},
  pages={148--171},
  year={2023},
  publisher={ACM New York, NY, USA}
}

@article{holtzen2020scaling,
  title={Scaling exact inference for discrete probabilistic programs},
  author={Holtzen, Steven and Van den Broeck, Guy and Millstein, Todd},
  journal={Proceedings of the ACM on Programming Languages},
  volume={4},
  number={OOPSLA},
  pages={1--31},
  year={2020},
  publisher={ACM New York, NY, USA}
}

@inproceedings{poon2011sum,
  title={Sum-product networks: A new deep architecture},
  author={Poon, Hoifung and Domingos, Pedro},
  booktitle={2011 IEEE International Conference on Computer Vision Workshops (ICCV Workshops)},
  pages={689--690},
  year={2011},
  organization={IEEE}
}

@inproceedings{fournet2011information,
  title={Information-flow types for homomorphic encryptions},
  author={Fournet, C{\'e}dric and Planul, J{\'e}r{\'e}my and Rezk, Tamara},
  booktitle={Proceedings of the 18th ACM conference on Computer and communications security},
  pages={351--360},
  year={2011}
}

@inproceedings{gancher2023owl,
  title={OWL: Compositional Verification of Security Protocols via an Information-Flow Type System},
  author={Gancher, Joshua and Gibson, Sydney and Singh, Pratap and Dharanikota, Samvid and Parno, Bryan},
  booktitle={2023 IEEE Symposium on Security and Privacy (SP)},
  pages={1130--1147},
  year={2023},
  organization={IEEE Computer Society}
}

@article{darais2019language,
  title={A language for probabilistically oblivious computation},
  author={Darais, David and Sweet, Ian and Liu, Chang and Hicks, Michael},
  journal={Proceedings of the ACM on Programming Languages},
  volume={4},
  number={POPL},
  pages={1--31},
  year={2019},
  publisher={ACM New York, NY, USA}
}

@inproceedings{rastogi2014wysteria,
  title={Wysteria: A programming language for generic, mixed-mode multiparty computations},
  author={Rastogi, Aseem and Hammer, Matthew A and Hicks, Michael},
  booktitle={2014 IEEE Symposium on Security and Privacy},
  pages={655--670},
  year={2014},
  organization={IEEE}
}

@article{gancher2023core,
  title={A Core Calculus for Equational Proofs of Cryptographic Protocols},
  author={Gancher, Joshua and Sojakova, Kristina and Fan, Xiong and Shi, Elaine and Morrisett, Greg},
  journal={Proceedings of the ACM on Programming Languages},
  volume={7},
  number={POPL},
  pages={866--892},
  year={2023},
  publisher={ACM New York, NY, USA}
}

@article{barthe2019probabilistic,
  title={A probabilistic separation logic},
  author={Barthe, Gilles and Hsu, Justin and Liao, Kevin},
  journal={Proceedings of the ACM on Programming Languages},
  volume={4},
  number={POPL},
  pages={1--30},
  year={2019},
  publisher={ACM New York, NY, USA}
}

@inproceedings{haagh2018computer,
  title={Computer-aided proofs for multiparty computation with active security},
  author={Haagh, Helene and Karbyshev, Aleksandr and Oechsner, Sabine and Spitters, Bas and Strub, Pierre-Yves},
  booktitle={2018 IEEE 31st Computer Security Foundations Symposium (CSF)},
  pages={119--131},
  year={2018},
  organization={IEEE}
}
